@misc{ippm2018,
address = {Hanoi, Vietnam},
author = {IPPM},
publisher = {Institute of Public Policy and Management (IPPM), National Economics University},
title = {{Report for the surveys with farming households in rural Thai Binh and Vinh Phuc provinces, Vietnam [sic]}},
year = {2018}
}
@book{un2018world,
author = {{United Nations, Department of Economic and Social Affairs}, Population Division},
publisher = {UN},
title = {{World Urbanization Prospects: The 2018 Revision, Online Edition}},
year = {2018}
}
@book{ipums2018,
address = {Minneapolis, MN: IPUMS, 2018},
author = {{Minnesota Population Center}},
doi = {https://doi.org/10.18128/D020.V7.1},
title = {{Integrated Public Use Microdata Series, International: Version 7.1 [dataset]}},
year = {2018}
}
