@article{2016mz,
author = {Zalo{\v{z}}nik, Maja},
journal = {Population Horizons},
number = {2},
title = {{Household Living Arrangements of Older People}},
volume = {13},
year = {2016}
}
@book{un2017principles,
author = {UN},
publisher = {UN},
title = {{Principles and Recommendations for Population and Housing Censuses, Revision 3}},
year = {2017}
}
